<?xml version="1.0" encoding="UTF-8"?><collection xmlns="http://www.loc.gov/MARC21/slim"><record><leader>00340nam--2200121-i-4500</leader><controlfield tag="001">000032549</controlfield><controlfield tag="002">20161230</controlfield><controlfield tag="005">20161230201039</controlfield><controlfield tag="008">060222s1000------------r-----000-0-eng-d</controlfield><datafield ind1=" " ind2=" " tag="100"><subfield code="a">Markov, P. K. /S.A.</subfield></datafield><datafield ind1=" " ind2=" " tag="245"><subfield code="a">Elastic proton-proton scattering at 8,5 mev</subfield></datafield><datafield ind1=" " ind2=" " tag="260"><subfield code="a">Dubna, Joint Inst. For Nuclear Research, 1959. 9p., 4 Fig</subfield></datafield><datafield ind1=" " ind2=" " tag="852"><subfield code="a">6730</subfield></datafield></record></collection>